@misc{bw4t, title={Joint {Activity} {Testbed}: {Blocks} {World} for {Teams} ({B}{W}4{T})},author={Matthew Johnson and Catholijn Jonker and Birna van Riemsdijk and Paul J. Feltovich and Jeffrey M. Bradshaw}, year={2009}
}

@unpunlished{context,
title={Coordinated Teams: A Search and Rescue Mission},
author={Jonker, Catholijn and van Toren, Peet and V. Hindriks, Koen and van Riemsdijk, Birna},
note={Informative document provided by the supervisory committee.}
}

@manual{humanagent,
title={Explanation and {Coordination} in {Human} {Agent} {Teams}: {A} {Study} in the {B}{W}4{T} {Testbed}},
author={Harbers, Maaike, and M. Bradshaw, Jeffrey and Johnson, Matthew and Feltovich, Paul and van den Bosch, Karel and Meyer, John-Jules},
year={2013},
organization={Institute of Information and Computing Sciences, Utrecht University, The Netherlands †Florida Institute for Human and Machine Cognition (IHMC), 40 S. Alcaniz, Pensacola, FL 32502, USA ‡TNO Human Factors, P.O.Box 23, 3769 ZG, Soesterberg, The Netherlands}
}


@misc{lecture,
title={Multi-{Agent} {Systems}, {Communication} and {Coordination} [lecture slides]},
author={Hindriks, Koen and Riemsdijk, Birna},
year={2014},
howpublished = "\url{https://blackboard.tudelft.nl/bbcswebdav/pid-2222791-dt-content-rid-7538495_2/courses/30165-131403/Lecture\%2012\%20-\%20Multi-Agent\%20Systems\%2C\%20Communication\%2C\%20and\%20Coordination.pdf}"
}

@misc{repast, title={Re{Past}: {An} {Extensible} {Framework} for {Agent} {Simulation}},author={Collier, Nick}, year={2014}
}

@misc{communication, title={{Enhancing} {Team} {Performance} through {Effective} {Communication}},author={Harbers, Maaike and Jonker, Catholijn and van Riemsdijk, Birna}, year={2012}
}

@ONLINE{Pelsmaeker,
author = {Paul Pelsmaeker},
title = {ABOUT EPARTNER},
year = {2012},
howpublished = "\url{http://en.epartner-research.nl/about-epartner}"
}

}
@inproceedings{adobbati2001gamebots,
  title={Gamebots: A 3D virtual world test-bed for multi-agent research},
  author={Adobbati, Rogelio and Marshall, Andrew N and Scholer, Andrew and Tejada, Sheila and Kaminka, Gal A and Schaffer, Steven and Sollitto, Chris},
  booktitle={Proceedings of the second international workshop on Infrastructure for Agents, MAS, and Scalable MAS},
  volume={5},
  year={2001},
  organization={Montreal, Canada}
}
@inproceedings{salehi2012multi,
  title={A multi context dynamic test bed for simulating real world constraints in agents' teamwork},
  author={Salehi, Sajjad and Saffar, Mohammad Taghi and Taghiyareh, Fattaneh and Badie, Kambiz},
  booktitle={Telecommunications (IST), 2012 Sixth International Symposium on},
  pages={1201--1206},
  year={2012},
  organization={IEEE}
}