@inproceedings{adobbati2001gamebots,
  title={Gamebots: A 3d virtual world test-bed for multi-agent research},
  author={Adobbati, Rogelio and Marshall, Andrew N and Scholer, Andrew and Tejada, Sheila and Kaminka, Gal A and Schaffer, Steven and Sollitto, Chris},
  booktitle={Proceedings of the second international workshop on Infrastructure for Agents, MAS, and Scalable MAS},
  volume={5},
  year={2001},
  organization={Montreal, Canada}
}

@inproceedings{salehi2012multi,
  title={A multi context dynamic test bed for simulating real world constraints in agents' teamwork},
  author={Salehi, Sajjad and Saffar, Mohammad Taghi and Taghiyareh, Fattaneh and Badie, Kambiz},
  booktitle={Telecommunications (IST), 2012 Sixth International Symposium on},
  pages={1201--1206},
  year={2012},
  organization={IEEE}
}