@inproceedings{adobbati2001gamebots,
  title={Gamebots: A 3d virtual world test-bed for multi-agent research},
  author={Adobbati, Rogelio and Marshall, Andrew N and Scholer, Andrew and Tejada, Sheila and Kaminka, Gal A and Schaffer, Steven and Sollitto, Chris},
  booktitle={Proceedings of the second international workshop on Infrastructure for Agents, MAS, and Scalable MAS},
  volume={5},
  year={2001},
  organization={Montreal, Canada}
}